<record><leader>00000cas a22000007a 4500</leader><controlfield tag="001">37186307</controlfield><controlfield tag="008">970624d19871987tnuwr ne      0    0eng d</controlfield><datafield ind1=" " ind2=" " tag="010"><subfield code="a">sn 97065115 </subfield></datafield><datafield ind1=" " ind2=" " tag="040"><subfield code="a">TGN</subfield><subfield code="b">eng</subfield><subfield code="c">TGN</subfield><subfield code="d">OCLCQ</subfield><subfield code="d">OCLCF</subfield><subfield code="d">OCLCO</subfield></datafield><datafield ind1="1" ind2=" " tag="029"><subfield code="a">AU@</subfield><subfield code="b">000024818370</subfield></datafield><datafield ind1=" " ind2=" " tag="042"><subfield code="a">msc</subfield></datafield><datafield ind1=" " ind2=" " tag="043"><subfield code="a">n-us-tn</subfield></datafield><datafield ind1="0" ind2=" " tag="130"><subfield code="a">Journal (Tullahoma, Tenn.)</subfield></datafield><datafield ind1="1" ind2="4" tag="245"><subfield code="a">The journal.</subfield></datafield><datafield ind1=" " ind2=" " tag="260"><subfield code="a">Tullahoma, Tenn. :</subfield><subfield code="b">Journal Publications,</subfield><subfield code="c">1987.</subfield></datafield><datafield ind1=" " ind2=" " tag="300"><subfield code="a">v.</subfield></datafield><datafield ind1=" " ind2=" " tag="310"><subfield code="a">Weekly</subfield></datafield><datafield ind1="0" ind2=" " tag="362"><subfield code="a">Vol. 2, no. 22 (Mar. 4, 1987)-v. 3, no. 12 (Dec. 30, 1987).</subfield></datafield><datafield ind1=" " ind2="0" tag="651"><subfield code="a">Tullahoma (Tenn.)</subfield><subfield code="v">Newspapers.</subfield></datafield><datafield ind1=" " ind2="0" tag="651"><subfield code="a">Coffee County (Tenn.)</subfield><subfield code="v">Newspapers.</subfield></datafield><datafield ind1=" " ind2="7" tag="655"><subfield code="a">Newspapers.</subfield><subfield code="2">fast</subfield><subfield code="0">(OCoLC)fst01423814</subfield></datafield><datafield ind1=" " ind2="7" tag="651"><subfield code="a">Tennessee</subfield><subfield code="z">Coffee County.</subfield><subfield code="2">fast</subfield><subfield code="0">(OCoLC)fst01207434</subfield></datafield><datafield ind1=" " ind2="7" tag="651"><subfield code="a">Tennessee</subfield><subfield code="z">Tullahoma.</subfield><subfield code="2">fast</subfield><subfield code="0">(OCoLC)fst01204819</subfield></datafield><datafield ind1=" " ind2=" " tag="752"><subfield code="a">United States</subfield><subfield code="b">Tennessee</subfield><subfield code="c">Coffee</subfield><subfield code="d">Tullahoma.</subfield></datafield><datafield ind1="0" ind2="0" tag="780"><subfield code="t">Tullahoma journal</subfield><subfield code="w">(DLC)sn 97065114</subfield></datafield><datafield ind1="0" ind2="0" tag="785"><subfield code="t">Coffee County journal</subfield><subfield code="w">(DLC)sn 97065116</subfield></datafield></record>